\begin{filecontents}{\Bibliography-List-ACM.bib}

@book{CNCEBook,
	author    = "{S H Suh, S K Kang, D H Chung, Ian Stroud}",
	title     = "{Theory and Design of CNC Systems, Springer Series in Advanced Manufacturing}",
	publisher = {Springer-Verlag London Limited},
	year      = {(2008)},
}

@article{koren01,
	author  = "{Y Koren}",
	title   = "{Interpolator for a CNC System}", 
	journal = {IEEE Transactions on Computers.}, 
	volume  = {Vol C-25, pp 32-37},
	year    = {1976},
}

@article{koren02,
	author  = "{Y Koren, M Shpitalni, C C Lo}",
	title   = "{CNC Interpolators: Algorithms and Analysis}", 
	journal = {ASME Manufacturing Science and Engineering.}, 
	volume  = {Vol 64, pp 83-92},
	year    = {1993},
}

@article{koren03,
	author  = "{Y Koren}",
	title   = "{Design of Computer Control for Manufacturing Systems}", 
	journal = {Transactions ASME, Journal of Engineering for Industry}, 
	volume  = {Vol 101, pp 326-332},
	year    = {1979},
}

@article{koren04,
	author  = "{Y Koren, O Masory}",
	title   = "{Reference-Pulse circular interpolators for CNC Systems}", 
	journal = {Transactions ASME, Journal of Engineering for Industry}, 
	volume  = {Vol 103, pp 131-136},
	year    = {1981},
}

@article{koren05,
	author  = "{Y Koren, O Masory}",
	title   = "{Reference-Word circular interpolators for CNC systems}", 
	journal = {Transactions ASME, Journal of Engineering for Industry}, 
	volume  = {Vol 104, pp 400-405},
	year    = {1982},
}

@article{koren06,
	author  = "{Y Koren, J G Bollinger}",
	title   = "{Design Parameters for Sampled-Data Drives for CNC Machine Tools,}", 
	journal = {IEEE Transactions on Industry Applications}, 
	volume  = {Vol 1A-14, No 3, pp 255-264},
	year    = {1978},
}

@article{giap01,
	author  = "{N H Giap, J H Shin, W H Kim}",
	title   = "{A Reference-Pulse Generator for Motion Control System}", 
	journal = {Intelligent Control and Automation}, 
	volume  = {Vol 5, pp 111-119},
	year    = {2014},
}

@article{yang01,
	author  = "{L Yang, G Zhang}",
	title   = "{Research and Development of Sampled-data Interpolation Algorithm Software in CNC System Based on the Visual C++}", 
	journal = {IOP Conference Series: Materials Science and Engineering}, 
	volume  = {Vol 382, 04 2019},
	year    = {2018},
}

@article{yang02,
	author  = "{D C H Yang, T Kong}",
	title   = "{Parametric interpolator versus linear interpolator for precision surface machining}", 
	journal = {Computer-Aided Design}, 
	volume  = {Vol 26, pp 225-234},
	year    = {1994},
}

@article{bahr01,
	author  = "{B Bahr, X Xiao, K Krishnan}",
	title   = "{A real-time scheme of cubic parametric curve interpolations for CNC systems}", 
	journal = {Computers in Industry}, 
	volume  = {Vol 45, pp 309-317},
	year    = {2001},
}

@article{shpiltani01,
	author  = "{M Shpitalni, Y Koren, C C Lo}",
	title   = "{Real-time curve interpolators}", 
	journal = {Computer-Aided Design}, 
	volume  = {Vol 26, pp 832-838},
	year    = {1994},
}

@article{zhang01,
	author  = "{X Zhang, Dong Yu, Yi Hu, H Hong, W Sun}",
	title   = "{Development of a NURBS Curve Interpolator with Look-ahead Control and Feedrate Filtering for CNC System}", 
	journal = {IEEE International Conference on Industrial Engineering and Applications}, 
	volume  = {Vol 47, pp 2755-2759},
	year    = {2009},
}

@article{lin01,
	author  = "{M T Lin, M S Tsai, H T Yau}",
	title   = "{Development of a dynamics-based NURBS interpolator with real-time look-ahead algorithm}", 
	journal = {International Journal of Machine Tools and Manufacture}, 
	volume  = {Vol 47, No 3, pp 2246-2262},
	year    = {2007},
}

@article{lin02,
	author  = "{M T Lin, M S Tsai, H T Yau}",
	title   = "{Development of Real-time Look-Ahead Algorithm for NURBS Interpolator with Consideration of Servo Dynamics}", 
	journal = {46th IEEE Conference on Decision and Control}, 
	volume  = {pp 1862-1867},
	year    = {2007},
}

@article{liangi01,
	author  = "{C Liangji}",
	title   = "{A Computer Numerical Controlled System with NURBS Interpolator}", 
	journal = {IEEE World Congress on Computer Science and Information Engineering}, 
	volume  = {pp 216-219},
	year    = {2009},
}



@misc{testonline,
	author        = {Bernie Logger},
	title         = "{A Very Opinionated Blog Post, Available at http://example.com, (2013)(Accessed 12 Oct 2018)}",
}


\end{filecontents} 

