\begin{filecontents}{\References.bib}

%% REFERENCE: ftp://tug.ctan.org/pub/tex-archive/macros/latex/contrib/IEEEtran/bibtex/IEEEtran_bst_HOWTO.pdf

%% WEBSITES
%% ===========================================

@misc{UCCNC_CNC,
	author = {UCCNC},
	title = "{CNC Drive Motion Control}",
	address = {},
	language = {English},
	month  = {},
	year = {},
	howpublished = {},
	note = "{https://www.cncdrive.com/UCCNC.html [Accessed: 06-Dec-2018]}",
	url ={},
}

@misc{PLANET_CNC,
	author = {Planet},
	title = "{CNC USB Controllers: Complete, hardware and software solutions}",
	address = {},
	language = {English},
	month  = {},
	year = {},
	howpublished = {},
	note = "{https://planet-cnc.com/ [Accessed: 06-Dec-2018]}",
	url ={},
}

@misc{MACH_CNC,
	author = {Mach},
	title = "{The Next Level of CNC Control}",
	address = {},
	language = {English},
	month  = {},
	year = {},
	howpublished = {},
	note = "{https://www.machsupport.com/ [Accessed: 06-Dec-2018]}",
	url ={},
}

@misc{PROBOTIX_CNC,
	author = {Probitix},
	title = "{Probotix CNC Control Systems}",
	address = {},
	language = {English},
	month  = {},
	year = {},
	howpublished = {},
	note = "{https://www.probotix.com/CNC-CONTROL-SYSTEMS [Accessed: 06-Dec-2018]}",
	url ={},
}

@misc{EDING_CNC,
	author = {EdingCNC},
	title = "{Welcome at Eding CNC Machine Controls}",
	address = {},
	language = {English},
	month  = {},
	year = {},
	howpublished = {},
	note = "{http://www.edingcnc.com/ [Accessed: 06-Dec-2018]}",
	url ={},
}

@misc{PATHPILOT_CNC,
	author = {PathPilot},
	title = "{America's most loved CNC Controller}",
	address = {},
	language = {English},
	month  = {},
	year = {},
	howpublished = {},
	note = "{https://www.tormach.com/pathpilot/ [Accessed: 06-Dec-2018]}",
	url ={},
}


%% ===========================================
@misc{ALLEN-BRADLEY_CNC,
	author = {Allen-Bradley},
	title = "{ALLEN-BRADLEY Intelligent solutions for CNC machine tools }",
	address = {},
	language = {English},
	month  = {},
	year = {},
	howpublished = {},
	note = "{https://ab.rockwellautomation.com/Motion-Control/Software [Accessed: 06-Dec-2018]}",
	url ={},
}

@misc{MITSUBISHI_CNC,
	author = {Mitsubishi-Electric},
	title = "{MITSUBISHI Computerized Numerical Controllers(CNCs)}",
	address = {},
	language = {English},
	month  = {},
	year = {},
	howpublished = {},
	note = "{http://www.mitsubishielectric.com/fa/products/cnt/cnc/index.html [Accessed: 06-Dec-2018]}",
	url ={},
}

@misc{HEIDENHAIN_CNC,
	author = {Heidenhain},
	title = "{HEIDENHAIN CNC controls}",
	address = {},
	language = {English},
	month  = {},
	year = {},
	howpublished = {},
	note = "{https://www.heidenhain.com/ [Accessed: 06-Dec-2018]}",
	url ={},
}

@misc{CENTROID_CNC,
	author = {Centroid},
	title = "{CENTROID CNC controls}",
	address = {},
	language = {English},
	month  = {},
	year = {},
	howpublished = {},
	note = "{http://www.centroidcnc.com/ [Accessed: 06-Dec-2018]}",
	url ={},
}

@misc{SIEMENS_CNC,
	author = {Siemens},
	title = "{SIEMENS CNC Sinumerik: Intelligent solutions for machine tools}",
	address = {},
	language = {English},
	month  = {},
	year = {},
	howpublished = {},
	note = "{https://www.siemens.com/global/en/home/products/automation/systems/cnc-sinumerik.html [Accessed: 06-Dec-2018]}",
	url ={},
}

https://www.siemens.com/global/en/home/products/automation/systems/cnc-sinumerik.html
@misc{MAZAK_CNC,
	author = {Mazak},
	title = "{MAZAK CNC Machines}",
	address = {},
	language = {English},
	month  = {},
	year = {},
	howpublished = {},
	note = "{https://www.mazakusa.com/machines/ [Accessed: 06-Dec-2018]}",
	url ={},
}
@misc{HAAS_CNC,
	author = {Haas},
	title = "{HAAS CNC Automation Machines}",
	address = {},
	language = {English},
	month  = {},
	year = {},
	howpublished = {},
	note = "{https://www.haascnc.com/index.html [Accessed: 06-Dec-2018]}",
	url ={},
}

@misc{FANUC_CNC,
	author = {Fanuc},
	title = "{FANUC CNC Control Series}",
	address = {},
	language = {English},
	month  = {},
	year = {},
	howpublished = {},
	note = "{https://www.fanuc.eu/uk/en/cnc/controls [Accessed: 06-Dec-2018]}",
	url ={},
}

% =================================
@article{Koren_1976,
	doi = {},
	url = {},
	year = 1976,
	month = {Jan},
	publisher = {},
	volume = {C-25},
	number = {3},
	pages = {32--37},
	author = {Yoram Koren},
	title = "{Interpolator for a CNC System}",
	journal = {IEEE Transactions on Computers}
}

%% =========================================================
%% ==========================================================
@article{Review_Lee_2018,
	doi = {10.7736/kspe.2018.35.3.279},
	url = {https://doi.org/10.7736%2Fkspe.2018.35.3.279},
	year = 2018,
	month = {Mar},
	publisher = {Korean Society of Precision Engineering},
	volume = {35},
	number = {3},
	pages = {279--291},
	author = {Chan-Young  Lee and Seong Hyeon  Kim and Tae In  Ha and Jaehong  Min and Soon-Hong  Hwang and Byung-Kwon  Min},
	title = "{CNC Algorithms for Precision Machining: State of the Art Review}",
	journal = {Journal of the Korean Society for Precision Engineering}
}

%% ===========================================================
@article{Review_Lasemi_2010,
	doi = {10.1016/j.cad.2010.04.002},
	url = {https://doi.org/10.1016%2Fj.cad.2010.04.002},
	year = 2010,
	month = {Jul},
	publisher = {Elsevier {BV}},
	volume = {42},
	number = {7},
	pages = {641--654},
	author = {Ali Lasemi and Deyi Xue and Peihua Gu},
	title = "{Recent development in CNC machining of freeform surfaces: A state-of-the-art review}",
	journal = {Computer-Aided Design}
}


%% =================================================
@article{Zheng_2014,
	doi = {10.4028/www.scientific.net/amm.494-495.681},
	url = {https://doi.org/10.4028%2Fwww.scientific.net%2Famm.494-495.681},
	year = 2014,
	month = {Feb},
	publisher = {Trans Tech Publications},
	volume = {494-495},
	pages = {681--684},
	author = {Dong Xi Zheng},
	title = "{The Error Analysis of Surface Machining on the {CNC} Machine Tools}",
	journal = {Applied Mechanics and Materials}
}

%% ===================================================
@inproceedings{Ma_2017,
	doi = {10.1142/9789813228177_0059},
	url = {https://doi.org/10.1142%2F9789813228177_0059},
	year = 2017,
	month = {Oct},
	publisher = {{WORLD} {SCIENTIFIC}},
	author = {Jian-Wei Ma and De-Ning Song and Yuan-Yuan Gao and Zhen-Yuan Jia},
	title = "{Reduction of the Contouring Error in High-Feed-Speed Machining by Real-Time Tracking-Error Compensation}",
	booktitle = {Mechanics and Materials Science}
}

%% ====================================================
@article{Dong_2013,
	doi = {10.4028/www.scientific.net/kem.584.149},
	url = {https://doi.org/10.4028%2Fwww.scientific.net%2Fkem.584.149},
	year = 2013,
	month = {Sep},
	publisher = {Trans Tech Publications},
	volume = {584},
	pages = {149--153},
	author = {Jing Chuan Dong and Tai Yong Wang and Yan Yu Ding and Yu Long Cui},
	title = "{Adaptive Error Control Algorithm for High Speed Two-Axis {CNC} Contouring}",
	journal = {Key Engineering Materials}
}

%% =====================================================
@inproceedings{Hendrawan_2018,
	doi = {10.1109/med.2018.8442936},
	url = {https://doi.org/10.1109%2Fmed.2018.8442936},
	year = 2018,
	month = {Jun},
	publisher = {{IEEE}},
	author = {Yogi Muldani Hendrawan and Naoki Uchiyama},
	title = "{Embedded Iterative Learning Contouring Controller Based on Precise Estimation of Contour Error for CNC Machine Tools}",
	booktitle = {2018 26th Mediterranean Conference on Control and Automation ({MED})}
}

%% ======================================================
@book{Smith_1993-01,
	doi = {10.1007/978-1-4471-2053-7},
	url = {https://doi.org/10.1007%2F978-1-4471-2053-7},
	year = 1993,
	publisher = {Springer London},
	author = {Graham T. Smith},
	title = "{CNC Machining Technology}"
}

%% ======================================================
@incollection{Smith_1993-02,
	doi = {10.1007/978-1-4471-1748-3_5},
	url = {https://doi.org/10.1007%2F978-1-4471-1748-3_5},
	year = 1993,
	publisher = {Springer London},
	pages = {217--316},
	author = {Graham T. Smith},
	title = "{CNC Controllers and Programming Techniques}",
	booktitle = {CNC Machining Technology}
}

%% =========================================================
@article{Chen_1997,
	doi = {10.1016/s0278-6125(97)88463-4},
	url = {https://doi.org/10.1016%2Fs0278-6125%2897%2988463-4},
	year = 1997,
	month = {Jan},
	publisher = {Elsevier {BV}},
	volume = {16},
	number = {5},
	pages = {323--336},
	author = {X.B. Chen and A. Geddam and Z.J. Yuan},
	title = "{Accuracy improvement of three-axis CNC machining centers by quasi-static error compensation}",
	journal = {Journal of Manufacturing Systems}
}

%% =========================================================
@article{Zuo_2013,
	doi = {10.1016/j.procir.2013.06.078},
	url = {https://doi.org/10.1016%2Fj.procir.2013.06.078},
	year = 2013,
	publisher = {Elsevier {BV}},
	volume = {8},
	pages = {135--140},
	author = {Xiaoyan Zuo and Beizhi Li and Jianguo Yang and Xiaohui Jiang},
	title = "{Integrated Geometric Error Compensation of Machining Processes on CNC Machine Tool}",
	journal = {Procedia {CIRP}}
}

%% =========================================================
@article{Guo_2013,
	doi = {10.1007/s11424-013-3179-x},
	url = {https://doi.org/10.1007%2Fs11424-013-3179-x},
	year = 2013,
	month = {Oct},
	publisher = {Springer Nature},
	volume = {26},
	number = {5},
	pages = {817--835},
	author = {Jianxin Guo and Qiang Zhang and Xiao-Shan Gao},
	title = "{Tracking error reduction in CNC machining by reshaping the kinematic trajectory}",
	journal = {Journal of Systems Science and Complexity}
}

%% =========================================================
@phdthesis{Lau_MSThesis_2005,
	doi = {10.14711/thesis-b921739},
	url = {https://doi.org/10.14711%2Fthesis-b921739},
	year = 2005,
	publisher = {The Hong Kong University of Science and Technology Library},
	school = "{The Hong Kong University of Science and Technology Library}",
	author = {Pak Fai Lau},
	title = "{CNC machining accuracy enhancement by tool path compensation method}"
}

%% =========================================================
@inproceedings{STEP-NC_2018,
	doi = {10.14733/cadconfp.2018.31-36},
	url = {https://doi.org/10.14733%2Fcadconfp.2018.31-36},
	year = 2018,
	month = {Jul},
	publisher = {CAD Solutions (LLC)},
	author = {CAD Solutions (LLC)},
	title = "{STEP-Compliant CAD/CNC Systems for Feature-Oriented Machining}",
	booktitle = {CAD 18}
}

%% ==========================================================
@inproceedings{Weihua_Li_2010,
	doi = {10.1109/iccasm.2010.5619386},
	url = {https://doi.org/10.1109%2Ficcasm.2010.5619386},
	year = 2010,
	month = {Oct},
	publisher = {IEEE},
	author = {Weihua Li and  Qingjian Yang},
	title = "{Develop on feed-forward real time compensation control system for movement error in CNC machining}",
	booktitle = {2010 International Conference on Computer Application and System Modeling ({ICCASM} 2010)}
}

%% ============================================================
@article{Chen_2017,
	doi = {10.1051/matecconf/201710003028},
	url = {https://doi.org/10.1051%2Fmatecconf%2F201710003028},
	year = 2017,
	publisher = {EDP Sciences},
	volume = {100},
	pages = {03028},
	author = {Xianfeng Chen and Weiming Zhang},
	editor = {L. Zhao and A. Xavior and J. Cai and L. You},
	title = "{Research on Error Compensation Technology for CNC Machining}",
	journal = {MATEC Web of Conferences}
}

%% ==============================================================
@inproceedings{Wang_2012,
	doi = {10.1109/icma.2012.6285712},
	url = {https://doi.org/10.1109%2Ficma.2012.6285712},
	year = 2012,
	month = {Aug},
	publisher = {IEEE},
	author = {Jun Wang and Hu Liang and Da-gong Guan and Xin Wang and Hao Shen and Miaojuan Luo},
	title = "{Contour error and control algorithm in CNC machining tool}",
	booktitle = {2012 IEEE International Conference on Mechatronics and Automation}
}

%% ===========================================================
@inproceedings{Kats_2017,
	doi = {10.1109/icieam.2017.8076381},
	url = {https://doi.org/10.1109%2Ficieam.2017.8076381},
	year = 2017,
	month = {May},
	publisher = {{IEEE}},
	author = {E. I. Kats and A. M. Kitaev},
	title = "{On the approach to CNC machining simulation improving}",
	booktitle = {2017 International Conference on Industrial Engineering, Applications and Manufacturing (ICIEAM)}
}

%% ===========================================================
@inproceedings{Cho_2017,
	doi = {10.1109/icems.2017.8056034},
	url = {https://doi.org/10.1109%2Ficems.2017.8056034},
	year = 2017,
	month = {Aug},
	publisher = {{IEEE}},
	author = {Chang Nho Cho and Hong Ju Kim},
	title = "{Feedrate fluctuation compensating NURBS interpolator for CNC machining}",
	booktitle = {2017 20th International Conference on Electrical Machines and Systems ({ICEMS})}
}

%% ===========================================================
@article{Education_1993,
	doi = {10.1016/0278-6125(93)90183-t},
	url = {https://doi.org/10.1016%2F0278-6125%2893%2990183-t},
	year = 1993,
	publisher = {Elsevier {BV}},
	volume = {12},
	number = {1},
	pages = {71},
	author = {Elsevier},
	title = "{A CNC machining system for education}",
	journal = {Journal of Manufacturing Systems}
}

%% ==============================================================
@article{Schmitz_2000,
	doi = {10.1016/s0141-6359(99)00034-3},
	url = {https://doi.org/10.1016%2Fs0141-6359%2899%2900034-3},
	year = 2000,
	month = {Apr},
	publisher = {Elsevier {BV}},
	volume = {24},
	number = {2},
	pages = {99--118},
	author = {Tony Schmitz and John Ziegert},
	title = "{Dynamic evaluation of spatial CNC contouring accuracy}",
	journal = {Precision Engineering}
}

%% ================================================
@misc{FYP_Abzal_2012,
	author    = {Abzal Kalimbetov and Wan Ruslan Yusoff},
	title     = "{C/C++ and Python for Linux Realtime Parallel Port Software Driver}",
	address   = {Malaysia},
	language  = {English},
	month     = {Jan},
	year      = {2012},
	note	  = {Final Year Project, Multimedia University, Cyberjaya, Unpublished},
	url       = {},
}

%% ================================================
@misc{FYP_Asyrul_2017,
	author    = {Asyrul Hafetzy Ahmad and Wan Ruslan Yusoff},
	title     = "{Using Raspberry Pi 3 Model B to drive a CNC System in Real Time}",
	address   = {Malaysia},
	language  = {English},
	month     = {Feb},
	year      = {2017},
	note	  = {Final Year Project, Multimedia University, Cyberjaya, Unpublished},
	url       = {},
}

%% ================================================
@misc{FYP_Rajeef_2015,
	author    = {Rajeef Selvarajah and Wan Ruslan Yusoff},
	title     = "{Using the Beagle Board xM SBC to drive a CNC System}",
	address   = {Malaysia},
	language  = {English},
	month     = {Feb},
	year      = {2015},
	note	  = {Final Year Project, Multimedia University, Cyberjaya, Unpublished},
	url       = {},
}

%% ================================================
@misc{FYP_Hazmi_2014,
	author    = {Hazmi Irfan Zainal Ariffin and Wan Ruslan Yusoff},
	title     = "{Using Arduino Due to drive a CNC System}",
	address   = {Malaysia},
	language  = {English},
	month     = {Jan},
	year      = {2014},
	note	  = {Final Year Project, Multimedia University, Cyberjaya, Unpublished},
	url       = {},
}

%% ================================================
@misc{FYP_Charles_2014,
	author    = {Charles Teh and Wan Ruslan Yusoff},
	title     = "{Using the Nexys-3 Spartan-6 FPGA board to develop a closed-loop feedback CNC system}",
	address   = {Malaysia},
	language  = {English},
	month     = {Feb},
	year      = {2016},
	note	  = {Final Year Project, Multimedia University, Cyberjaya, Unpublished},
	url       = {},
}

%% ================================================
@misc{FYP_Saleh_2014,
	author    = {Mohammed Saleh Abbashar Abdelgader and Wan Ruslan Yusoff},
	title     = "{Driving Computer Numerical Controlled (CNC) Machine Using PC, Heber X10i, and Raspberry Pi 2}",
	address   = {Malaysia},
	language  = {English},
	month     = {Jun},
	year      = {2014},
	note	  = {Final Year Project, Multimedia University, Cyberjaya, Unpublished},
	url       = {},
}


%% ===========================================================
@incollection{ErrorBook_2016,
	author = {Editors},
	doi = {10.1201/b19559-17},
	url = {https://doi.org/10.1201%2Fb19559-17},
	year = 2016,
	month = {Mar},
	publisher = {CRC Press},
	pages = {827-896},
	title = "{Accuracy and Error Compensation of CNC Machining Systems}",
	booktitle = {Metal Cutting Theory and Practice, Third Edition}
}

%% =========================================
@book{FarinBook_1999,
	author = {Gerald E. Farin},
	title  = "{NURBS From Projective Geometry to Practical Use}",
	year   = {1999},
	edition = {2nd.},
	publisher = {CRC Press: Taylor and Francis Group},
	address   = {Boca Raton, FL},
	editor =  {},
	volume =  {},
	number =  {},
	series =  {},
	month =   {},
	note = 	  {},
}

%% ====================================
@inproceedings{Tingting_2016,
	author    = {Meng Tingting and Jiangang Li and Depeng Zheng and Zexiang Li},
	title     = "{The design of iterative learning control scheme for CNC machine tools}",
	booktitle = {2016 IEEE International Conference on Information and Automation (ICIA)},
	address   = {},
	month     = {Aug},
	year      = {2016},
	pages     = {},
	note	  = {DOI: 10.1109/ICInfA.2016.7831903},
}


%% =====================================
@article{Yusri_2013,
	author 	= {Yusri Yusof and Kamran Latif},
	title 	= "{Frame Work of LV-UTHM: AN ISO 14649 Based Open Control System for CNC Milling Machine }",
	journal = {Applied Mechanics and Materials},
	volume 	= {330},
	number 	= {},
	month 	= {},
	year	= {2013},
	pages 	= {619-623},
	doi 	= {http://doi:10.4028/www.scientific.net/AMM.330.619},
	url		= {},
	note	= {},
}

 
%% =========================================
@book{SuhBook_2008,
	author    = {S H Suh and S K Kang and D H Chung and Ian Stroud},
	title     = "{Theory and Design of CNC Systems, Springer Series in Advanced Manufacturing}",
	publisher = {Springer-Verlag London Limited},
	year      = {2008},
}

@article{Koren_1993,
	author  = {Y Koren and M Shpitalni and C C Lo},
	title   = "{CNC Interpolators: Algorithms and Analysis}", 
	journal = {ASME Manufacturing Science and Engineering.}, 
	volume  = {Vol 64, pp 83-92},
	year    = {1993},
}

@article{Koren_1979,
	author  = "{Y Koren}",
	title   = "{Design of Computer Control for Manufacturing Systems}", 
	journal = {Transactions ASME, Journal of Engineering for Industry}, 
	volume  = {Vol 101, pp 326-332},
	year    = {1979},
}

@article{Koren_1981,
	author  = "{Y Koren, O Masory}",
	title   = "{Reference-Pulse circular interpolators for CNC Systems}", 
	journal = {Transactions ASME, Journal of Engineering for Industry}, 
	volume  = {Vol 103, pp 131-136},
	year    = {1981},
}

@article{Koren_1982,
	author  = "{Y Koren, O Masory}",
	title   = "{Reference-Word circular interpolators for CNC systems}", 
	journal = {Transactions ASME, Journal of Engineering for Industry}, 
	volume  = {Vol 104, pp 400-405},
	year    = {1982},
}

@article{Koren_1978,
	author  = "{Y Koren, J G Bollinger}",
	title   = "{Design Parameters for Sampled-Data Drives for CNC Machine Tools}", 
	journal = {IEEE Transactions on Industry Applications}, 
	volume  = {Vol 1A-14, No 3, pp 255-264},
	year    = {1978},
}

@article{Giap_2014,
	author  = "{N H Giap, J H Shin, W H Kim}",
	title   = "{A Reference-Pulse Generator for Motion Control System}", 
	journal = {Intelligent Control and Automation}, 
	volume  = {Vol 5, pp 111-119},
	year    = {2014},
}

@article{Yang_2018,
	author  = "{L Yang, G Zhang}",
	title   = "{Research and Development of Sampled-data Interpolation Algorithm Software in CNC System Based on the Visual C++}", 
	journal = {IOP Conference Series: Materials Science and Engineering}, 
	volume  = {Vol 382, 042019},
	year    = {2018},
}

@article{Yang_1994,
	author  = "{D C H Yang, T Kong}",
	title   = "{Parametric interpolator versus linear interpolator for precision surface machining}", 
	journal = {Computer-Aided Design}, 
	volume  = {Vol 26, pp 225-234},
	year    = {1994},
}

@article{Bahr_2001,
	author  = "{B Bahr, X Xiao, K Krishnan}",
	title   = "{A real-time scheme of cubic parametric curve interpolations for CNC systems}", 
	journal = {Computers in Industry}, 
	volume  = {Vol 45, pp 309-317},
	year    = {2001},
}

@article{Shpiltani_1994,
	author  = "{M Shpitalni, Y Koren, C C Lo}",
	title   = "{Real-time curve interpolators}", 
	journal = {Computer-Aided Design}, 
	volume  = {Vol 26, pp 832-838},
	year    = {1994},
}

@article{Zhang_2009,
	author  = "{X Zhang, Dong Yu, Yi Hu, H Hong, W Sun}",
	title   = "{Development of a NURBS Curve Interpolator with Look-ahead Control and Feedrate Filtering for CNC System}", 
	journal = {IEEE International Conference on Industrial Engineering and Applications}, 
	volume  = {Vol 47, pp 2755-2759},
	year    = {2009},
}

%% ====================================
@article{Lin_2007-01,
	author  = "{M T Lin, M S Tsai, H T Yau}",
	title   = "{Development of a dynamics-based NURBS interpolator with real-time look-ahead algorithm}", 
	journal = {International Journal of Machine Tools and Manufacture}, 
	volume  = {Vol 47, No 3, pp 2246-2262},
	year    = {2007},
}

%% =====================================
@article{Lin_2007-02,
	author  = "{M T Lin, M S Tsai, H T Yau}",
	title   = "{Development of Real-time Look-Ahead Algorithm for NURBS Interpolator with Consideration of Servo Dynamics}", 
	journal = {46th IEEE Conference on Decision and Control}, 
	volume  = {pp 1862-1867},
	year    = {2007},
}

%% =====================================
@article{Liangji_2009,
	author  = {C Liangji},
	title   = "{A Computer Numerical Controlled System with NURBS Interpolator}", 
	journal = {IEEE World Congress on Computer Science and Information Engineering}, 
	volume  = {pp 216-219},
	year    = {2009},
}

%% ====================================
@inproceedings{Hongya_2016,
	author    = {Hongya Fu and Cong Li and Yunzhong Fu},
	title     = "{A parallel CNC system architecture based on Symmetric Multi-processor}",
	booktitle = {2016 Sixth International Conference on Instrumentation and Measurement, Computer, Communication and Control},
	address   = {},
	month     = {},
	year      = {2016},
	pages     = {634--637},
	note	  = {DOI 10.1109/IMCCC.2016.74},
}

%% WEBSITE
@misc{Warfield_2017,
	author = {Bob Warfield},
	title = "{Choose the Best CNC Control: 2017 CNC Control Survey Results}",
	address = {},
	language = {English},
	month  = {Dec},
	year = {2017},
	howpublished = {},
	note = "{https://www.cnccookbook.com/choose-best-cnc-control-2017-cnc-control-survey-results/ [Accessed: 06-Dec-2018]}",
	url ={https://www.cnccookbook.com/choose-best-cnc-control-2017-cnc-control-survey-results/},
}

%% =====================================
\end{filecontents} 

